<?xml version="1.0" encoding="UTF-8"?><record xmlns="http://www.loc.gov/MARC21/slim" xmlns:cinclude="http://apache.org/cocoon/include/1.0" xmlns:zs="http://www.loc.gov/zing/srw/">
  <leader>00669cz  a2200181n  4500</leader>
  <controlfield tag="001">nr 94006152 </controlfield>
  <controlfield tag="003">DLC</controlfield>
  <controlfield tag="005">20080831081802.0</controlfield>
  <controlfield tag="008">940223n| acannaabn          |b aaa      </controlfield>
  <datafield tag="010" ind1=" " ind2=" ">
    <subfield code="a">nr 94006152 </subfield>
  </datafield>
  <datafield tag="035" ind1=" " ind2=" ">
    <subfield code="a">(OCoLC)oca03555617</subfield>
  </datafield>
  <datafield tag="040" ind1=" " ind2=" ">
    <subfield code="a">DLC-R</subfield>
    <subfield code="b">eng</subfield>
    <subfield code="c">DLC-R</subfield>
    <subfield code="d">OCoLC</subfield>
  </datafield>
  <datafield tag="100" ind1="1" ind2=" ">
    <subfield code="a">Honda, Meiji,</subfield>
    <subfield code="d">1919-1989</subfield>
  </datafield>
  <datafield tag="400" ind1="1" ind2=" ">
    <subfield code="a">本田明二,</subfield>
    <subfield code="d">1919-1989</subfield>
  </datafield>
  <datafield tag="667" ind1=" " ind2=" ">
    <subfield code="a">Machine-derived non-Latin script reference project.</subfield>
  </datafield>
  <datafield tag="667" ind1=" " ind2=" ">
    <subfield code="a">Non-Latin script reference not evaluated.</subfield>
  </datafield>
  <datafield tag="670" ind1=" " ind2=" ">
    <subfield code="a">His Honda Meiji ten, 1991:</subfield>
    <subfield code="b">t.p. (Honda Meiji) p. 142, etc. (b. 11/25/1919; d. 4/22/1989; sculptor)</subfield>
  </datafield>
  <datafield tag="670" ind1=" " ind2=" ">
    <subfield code="a">Gendai bijutsu sōran, 1971:</subfield>
    <subfield code="b">p. 710 (Honda Meiji; r; b. 1/25/Taishō 8)</subfield>
  </datafield>
</record>